@incollection{AGRAWAL2013397,
title = "Chapter 10 - Four-Wave Mixing",
editor = "Govind Agrawal",
booktitle = "Nonlinear Fiber Optics (Fifth Edition)",
publisher = "Academic Press",
edition = "Fifth Edition",
address = "Boston",
pages = "397 - 456",
year = "2013",
series = "Optics and Photonics",
issn = "15575837",
doi = "https://doi.org/10.1016/B978-0-12-397023-7.00010-3",
url = "http://www.sciencedirect.com/science/article/pii/B9780123970237000103",
author = "Govind Agrawal"
}